<?xml version="1.0" encoding="UTF-8"?><record xmlns="http://www.loc.gov/MARC21/slim" xmlns:cinclude="http://apache.org/cocoon/include/1.0" xmlns:zs="http://www.loc.gov/zing/srw/">
  <leader>00733nz  a2200157n  4500</leader>
  <controlfield tag="001">no 99077762 </controlfield>
  <controlfield tag="003">DLC</controlfield>
  <controlfield tag="005">19991027071242.0</controlfield>
  <controlfield tag="008">991026n| acannaabn          |a ana     c</controlfield>
  <datafield tag="010" ind1=" " ind2=" ">
    <subfield code="a">no 99077762 </subfield>
  </datafield>
  <datafield tag="035" ind1=" " ind2=" ">
    <subfield code="a">(OCoLC)oca05089922</subfield>
  </datafield>
  <datafield tag="040" ind1=" " ind2=" ">
    <subfield code="a">NBuU</subfield>
    <subfield code="b">eng</subfield>
    <subfield code="c">NBuU</subfield>
  </datafield>
  <datafield tag="110" ind1="2" ind2=" ">
    <subfield code="a">Canadian Alliance for Research on Schizophrenia</subfield>
  </datafield>
  <datafield tag="410" ind1="2" ind2=" ">
    <subfield code="a">Alliance canadienne pour la recherche sur la schizophre휍혖nie</subfield>
  </datafield>
  <datafield tag="670" ind1=" " ind2=" ">
    <subfield code="a">Quality of life measurement in mental health, 1998:</subfield>
    <subfield code="b">t.p. (Canadian Alliance for Research on Schizophrenia) French t.p. (Alliance canadienne pour la recherche sur la schizophre휍혖nie)</subfield>
  </datafield>
  <datafield tag="670" ind1=" " ind2=" ">
    <subfield code="a">OCLC, Oct. 7, 1999</subfield>
    <subfield code="b">(hdg.: Canadian Alliance for Research on Schizophrenia; usage: Canadian Alliance for Research on Schizophrenia)</subfield>
  </datafield>
</record>